@article{nekrashevych2004automorphisms,
  title={Automorphisms of the binary tree: state-closed subgroups and dynamics of 1/2-endomorphisms},
  author={Nekrashevych, Volodymyr and Sidki, Said},
  journal={London Mathematical Society Lecture Note Series},
  volume={311},
  pages={375--404},
  year={2004},
  publisher={Cambridge University Press}
}

@article{latimer-macduffee,
 ISSN = {0003486X},
 URL = {http://www.jstor.org/stable/1968204},
 author = {Claiborne G. Latimer and C. C. MacDuffee},
 journal = {Annals of Mathematics},
 number = {2},
 pages = {313-316},
 publisher = {Annals of Mathematics},
 title = {A Correspondence Between Classes of Ideals and Classes of Matrices},
 volume = {34},
 year = {1933}
}
