@String{SV =     "Springer-Verlag"}
@String{BAMS =   "Bulletin of the AMS"}

@article{jalc170214,
  author  = {Klaus Sutner and Kevin Lewi},
  title   = {Iterating Inverse Binary Transducers},
  journal = "jalc",
  year    = 2012,
  volume  = 17,
  number  = {2--4},
  pages   = {293--313}
}

@article{nekrashevych2004automorphisms,
  title={Automorphisms of the binary tree: state-closed subgroups and dynamics of 1/2-endomorphisms},
  author={Nekrashevych, Volodymyr and Sidki, Said},
  journal={London Mathematical Society Lecture Note Series},
  volume={311},
  pages={375--404},
  year={2004},
  publisher={Cambridge University Press}
}

@InBook{Sutner18:abelian_automata,
  author =       {K. Sutner},
  booktitle =    {Reversibility and Universality},
  title =        {Abelian Invertible Automata},
  crossref =     {Adamatzky18:reversibility},
  annote =       {Morita Festschrift},
}

@Book{Adamatzky18:reversibility,
  editor =    {A.~Adamatzky},
  title =     {Reversibility and Universality},
  publisher = {Springer Verlag},
  year =      2018,
  doi =       {https://doi.org/10.1007/978-3-319-73216-9_3}
}

@article{LAZARD1992117,
title = "Solving zero-dimensional algebraic systems",
journal = "Journal of Symbolic Computation",
volume = "13",
number = "2",
pages = "117 - 131",
year = "1992",
issn = "0747-7171",
doi = "https://doi.org/10.1016/S0747-7171(08)80086-7",
url = "http://www.sciencedirect.com/science/article/pii/S0747717108800867",
author = "D. Lazard"
}

@article{Robinson1969,
author="Robinson, Raphael M.",
title="Conjugate algebraic integers on a circle",
journal="Mathematische Zeitschrift",
year="1969",
month=2,
day="01",
volume="110",
number="1",
pages="41--51",
issn="1432-1823",
doi="10.1007/BF01114639",
url="https://doi.org/10.1007/BF01114639"
}

@mastersthesis{Okano-Thesis,
author="Tsutomu Okano",
title="Invertible Binary Transducers and Automorphisms of the Binary Tree",
school="Carnegie Mellon University",
year="2015"
}

@book{nekrashevych2014self,
  title={Self-Similar Groups},
  author={Nekrashevych, V.},
  isbn={9781470413446},
  series={Mathematical Surveys and Monographs},
  url={https://books.google.com/books?id=amfqoQEACAAJ},
  year={2014},
  publisher={American Mathematical Society}
}

@inproceedings{grigorchuk2000automata,
  title={Automata, dynamical systems and groups},
  author={Grigorchuk, Rostislav I and Nekrashevich, Volodymyr V and Sushchanskii, Vitali I},
  booktitle={Proc. Steklov Inst. Math},
  volume={231},
  number={4},
  pages={128--203},
  year={2000}
}

@Inbook{Grigorchuk2005,
author="Grigorchuk, Rostislav",
editor="Bartholdi, Laurent
and Ceccherini-Silberstein, Tullio
and Smirnova-Nagnibeda, Tatiana
and Zuk, Andrzej",
title="Solved and Unsolved Problems Around One Group",
bookTitle="Infinite Groups: Geometric, Combinatorial and Dynamical Aspects",
year="2005",
publisher="Birkh{\"a}user Basel",
address="Basel",
pages="117--218",
isbn="978-3-7643-7447-1",
doi="10.1007/3-7643-7447-0_5",
url="https://doi.org/10.1007/3-7643-7447-0_5"
}

@article{stein2012algebraic,
  title={Algebraic number theory, a computational approach},
  author={Stein, William},
  journal={Harvard, Massachusetts},
  year={2012}
}

@article{faugere2011grobner,
  title={Gr{\"o}bner bases of bihomogeneous ideals generated by polynomials of bidegree (1, 1): Algorithms and complexity},
  author={Faug{\`e}re, Jean-Charles and El Din, Mohab Safey and Spaenlehauer, Pierre-Jean},
  journal={Journal of Symbolic Computation},
  volume={46},
  number={4},
  pages={406--437},
  year={2011},
  publisher={Elsevier}
}

@article{2008arXiv0803.3555B,
   author = {{Bondarenko}, I. and {Grigorchuk}, R. and {Kravchenko}, R. and 
    {Muntyan}, Y. and {Nekrashevych}, V. and {Savchuk}, D. and {Sunic}, Z.
    },
    title = "{Classification of groups generated by 3-state automata over a 2-letter alphabet}",
  journal = {ArXiv e-prints},
archivePrefix = "arXiv",
   eprint = {0803.3555},
 primaryClass = "math.GR",
 keywords = {Mathematics - Group Theory, 20E08},
     year = 2008,
    month = mar,
   adsurl = {http://adsabs.harvard.edu/abs/2008arXiv0803.3555B},
  adsnote = {Provided by the SAO/NASA Astrophysics Data System}
}

@Article{LagariasWang96:tiles,
  author =       {J.~C.~Lagarias and Y.~Wang},
  title =        {Self-Affine Tiles in {$\R^n$}},
  journal =      {Adv. Math.},
  year =         {1996},
  volume =       {121},
  pages =        {21--49},
}

@Article{LagariasWang97:integral_tiles,
  author =       {J.~C.~Lagarias and Y.~Wang},
  title =        {Integral Self-Affine Tiles in {$\R^n$} II. Lattice
                 Tilings},
  journal =      {J. Fourier Anal. Appl.},
  year =         {1997},
  volume =       {3},
  number =       {1},
  pages =        {83--102},
}


@Misc{Pethoe09:radix_representations,
  author =       "A.~Peth{\"o}",
  title =        "Connections between power integral bases and radix
                 representations in alebraic number fields",
  howpublished = "\url{https://arato.inf.unideb.hu/petho.attila/cikkek/cnsnagoya_paper_110.pdf}",
  year =         "2009",
}

@book{ireland1990classical,
  title={A Classical Introduction to Modern Number Theory},
  author={Ireland, K. and Rosen, M. and Rosen, M.I.},
  isbn={9780387973296},
  lccn={90009848},
  series={Graduate Texts in Mathematics},
  url={https://books.google.com/books?id=jhAXHuP2y04C},
  year={1990},
  publisher={Springer}
}

@Book{Hungerford78,
  author =       "T.~W.~Hungerford",
  title =        "Algebra",
  publisher =    SV,
  address =      "New York",
  year =         "1974",
}

@Article{Bartholdi17:syntax_semantic_review,
    author = "Bartholdi, Laurent",
    title = "Book Review: Combinatorial algebra: syntax and semantics",
    journal = BAMS,
    year = "2017",
    volume = "54",
    number = "4",
    pages = "681--686",
    note = "Great discussion of syntactic vs semantic approach to algebra,
            listing automata as useful semantic views of groups.",
}

@article{latimer-macduffee,
 ISSN = {0003486X},
 URL = {http://www.jstor.org/stable/1968204},
 author = {Claiborne G. Latimer and C. C. MacDuffee},
 journal = {Annals of Mathematics},
 number = {2},
 pages = {313--316},
 publisher = {Annals of Mathematics},
 title = {A Correspondence Between Classes of Ideals and Classes of Matrices},
 volume = {34},
 year = {1933}
}

@article{raney1958sequential,
  title={Sequential functions},
  author={Raney, George N},
  journal={Journal of the ACM (JACM)},
  volume={5},
  number={2},
  pages={177--180},
  year={1958},
  publisher={ACM}
}

@misc{Becker2018,
  author = {Becker, Tim},
  title = {Embeddings and Orbits of Abelian Automaton Groups},
  year = {2018},
  publisher = {GitHub},
  journal = {GitHub repository},
  howpublished = {\url{https://github.com/tim-becker/thesis-code}},
  commit = {a812b107e87a77f85e0541b0f65aa8e14c6fd623}
}
